%---------------------------------------------------------------------------%
%-                                                                         -%
%-                             Bibliography                                -%
%-                                                                         -%
%---------------------------------------------------------------------------%
@book{wikibook2014latex,
    title={http://en.wikibooks.org/wiki/LaTeX},
    author={Wikibook},
    year={2014},
    publisher={On-line Resources}
}
@book{lamport1986document,
    title={Document Preparation System},
    author={Lamport, Leslie},
    year={1986},
    publisher={Addison-Wesley Reading, MA}
}
@article{chen2005zhulu,
    title={著录文后参考文献的规则及注意事项},
    author={陈浩元},
    key={Chen Hao Yuan},
    journal={编辑学报},
    volume={17},
    number={6},
    pages={413--415},
    year={2005}
}
@book{chu2004tushu,
    title={图书馆数字参考咨询服务研究},
    author={初景利},
    key={Chu Jing Li},
    year={2004},
    address={北京},
    publisher={北京图书馆出版社}
}
@article{stamerjohanns2009mathml,
    title={{MathML}-aware article conversion from {LaTeX}},
    author={Stamerjohanns, Heinrich and Ginev, Deyan and David, Catalin and Misev, Dimitar and Zamdzhiev, Vladimir and Kohlhase, Michael},
    journal={Towards a Digital Mathematics Library},
    volume={16},
    number={2},
    pages={109--120},
    year={2009},
    publisher={Masaryk University Press}
}
@article{betts2005aging,
    title={Aging reduces center-surround antagonism in visual motion processing},
    author={Betts, Lisa R and Taylor, Christopher P},
    journal={Neuron},
    volume={45},
    number={3},
    pages={361--366},
    year={2005},
    publisher={Elsevier}
}

@article{bravo1990comparative,
    title={Comparative study of visual inter and intrahemispheric cortico-cortical connections in five native Chilean rodents},
    author={Bravo, Hermes and Olavarria, Jaime},
    journal={Anatomy and embryology},
    volume={181},
    number={1},
    pages={67--73},
    year={1990},
    publisher={Springer}
}
@book{hls2012jinji,
    author       = {哈里森·沃尔德伦},
    key          = {Haliseng Woerdelun},
    translator   = {谢远涛},
    title        = {经济数学与金融数学},
    address      = {北京},
    publisher    = {中国人民大学出版社},
    year         = {2012},
    pages        = {235--236},
}
@proceedings{niu2013zonghe,
    editor       = {牛志明 and 斯温兰德 and 雷光春},
    key          = {Niu Zhi Ming Siwenlande Lei Guang Chun},
    title        = {综合湿地管理国际研讨会论文集},
    address      = {北京},
    publisher    = {海洋出版社},
    year         = {2013},
}
@incollection{chen1980zhongguo,
    author       = {陈晋镳 and 张惠民 and 朱士兴 and 赵震 and
        王振刚},
    key          = {Chen Jing Ao Zhang Hui Ming Zhu Shi Xing Zhao Zhen Wang Zhen Gang},
    title        = {蓟县震旦亚界研究},
    editor       = {中国地质科学院天津地质矿产研究所},
    booktitle    = {中国震旦亚界},
    address      = {天津},
    publisher    = {天津科学技术出版社},
    year         = {1980},
    pages        = {56--114},
}
@article{yuan2012lana,
    author       = {袁训来 and 陈哲 and 肖书海},
    key          = {Yuan xun lai Chen zhe Xiao shu Hai},
    title        = {蓝田生物群: 一个认识多细胞生物起源和早期演化的新窗口 -- 篇一},
    journal      = {科学通报},
    year         = {2012},
    volume       = {57},
    number       = {34},
    pages        = {3219},
}
@article{yuan2012lanb,
    author       = {袁训来 and 陈哲 and 肖书海},
    key          = {Yuan xun lai Chen zhe Xiao shu Hai},
    title        = {蓝田生物群: 一个认识多细胞生物起源和早期演化的新窗口 -- 篇二},
    journal      = {科学通报},
    year         = {2012},
    volume       = {57},
    number       = {34},
    pages        = {3219},
}
@article{yuan2012lanc,
    author       = {袁训来 and 陈哲 and 肖书海},
    key          = {Yuan xun lai Chen zhe Xiao shu Hai},
    title        = {蓝田生物群: 一个认识多细胞生物起源和早期演化的新窗口 -- 篇三},
    journal      = {科学通报},
    year         = {2012},
    volume       = {57},
    number       = {34},
    pages        = {3219},
}
@article{walls2013drought,
    author       = {Walls, Susan C. and Barichivich, William J. and Brown, Mary
        E.},
    title        = {Drought, deluge and declines: the impact of precipitation
        extremes on amphibians in a changing climate},
    journal      = {Biology},
    year         = {2013},
    volume       = {2},
    number       = {1},
    pages        = {399--418},
    urldate      = {2013-11-04},
    url          = {http://www.mdpi.com/2079-7737/2/1/399},
    doi          = {10.3390/biology2010399},
}
@article{Bohan1928,
    author = { ボハン, デ},
    title = { 過去及び現在に於ける英国と会 },
    journal = { 日本時報 },
    year = { 1928 },
    volume = { 17 },
    pages = { 5-9 },
    edition = { 9 },
    hyphenation = { japanese },
    language = { japanese }
}

@article{Dubrovin1906,
    author = { Дубровин, А. И },
    title = { Открытое письмо Председателя Главного Совета Союза Русского Народа Санкт-Петербургскому Антонию, Первенствующему члену Священного Синода },
    journal = { Вече },
    year = { 1906 },
    volume = {  },
    edition = { 97 },
    month = { 7 дек. 1906 },
    pages = { 1-3 },
    hyphenation = { russian },
    language = { russian }
}

@article{watts1998collective,
  title={Collective dynamics of ‘small-world’networks},
  author={Watts, Duncan J and Strogatz, Steven H},
  journal={nature},
  volume={393},
  number={6684},
  pages={440--442},
  year={1998},
  publisher={Nature Publishing Group}
}

@article{holland1971transitivity,
  title={Transitivity in structural models of small groups},
  author={Holland, Paul W and Leinhardt, Samuel},
  journal={Comparative group studies},
  volume={2},
  number={2},
  pages={107--124},
  year={1971},
  publisher={Sage Publications Sage CA: Thousand Oaks, CA}
}

@article{mcpherson2001birds,
  title={Birds of a feather: Homophily in social networks},
  author={McPherson, Miller and Smith-Lovin, Lynn and Cook, James M},
  journal={Annual review of sociology},
  volume={27},
  number={1},
  pages={415--444},
  year={2001},
  publisher={Annual Reviews 4139 El Camino Way, PO Box 10139, Palo Alto, CA 94303-0139, USA}
}

@article{aggarwal2014evolutionary,
  title={Evolutionary network analysis: A survey},
  author={Aggarwal, Charu and Subbian, Karthik},
  journal={ACM Computing Surveys (CSUR)},
  volume={47},
  number={1},
  pages={1--36},
  year={2014},
  publisher={ACM New York, NY, USA}
}

@inproceedings{becchetti2008efficient,
  title={Efficient semi-streaming algorithms for local triangle counting in massive graphs},
  author={Becchetti, Luca and Boldi, Paolo and Castillo, Carlos and Gionis, Aristides},
  booktitle={Proceedings of the 14th ACM SIGKDD international conference on Knowledge discovery and data mining},
  pages={16--24},
  year={2008}
}

@article{eckmann2002curvature,
  title={Curvature of co-links uncovers hidden thematic layers in the world wide web},
  author={Eckmann, Jean-Pierre and Moses, Elisha},
  journal={Proceedings of the national academy of sciences},
  volume={99},
  number={9},
  pages={5825--5829},
  year={2002},
  publisher={National Acad Sciences}
}

@inproceedings{bar2002reductions,
  title={Reductions in streaming algorithms, with an application to counting triangles in graphs},
  author={Bar-Yossef, Ziv and Kumar, Ravi and Sivakumar, D},
  booktitle={SODA},
  volume={2},
  pages={623--632},
  year={2002}
}

@article{palla2005uncovering,
  title={Uncovering the overlapping community structure of complex networks in nature and society},
  author={Palla, Gergely and Der{\'e}nyi, Imre and Farkas, Ill{\'e}s and Vicsek, Tam{\'a}s},
  journal={nature},
  volume={435},
  number={7043},
  pages={814--818},
  year={2005},
  publisher={Nature Publishing Group}
}

@article{itai1978finding,
  title={Finding a minimum circuit in a graph},
  author={Itai, Alon and Rodeh, Michael},
  journal={SIAM Journal on Computing},
  volume={7},
  number={4},
  pages={413--423},
  year={1978},
  publisher={SIAM}
}

@article{alon1997finding,
  title={Finding and counting given length cycles},
  author={Alon, Noga and Yuster, Raphael and Zwick, Uri},
  journal={Algorithmica},
  volume={17},
  number={3},
  pages={209--223},
  year={1997},
  publisher={Springer}
}

@inproceedings{tsourakakis2008fast,
  title={Fast counting of triangles in large real networks without counting: Algorithms and laws},
  author={Tsourakakis, Charalampos E},
  booktitle={2008 Eighth IEEE International Conference on Data Mining},
  pages={608--617},
  year={2008},
  organization={IEEE}
}

@inproceedings{rahman2014sampling,
  title={Sampling triples from restricted networks using MCMC strategy},
  author={Rahman, Mahmudur and Hasan, Mohammad Al},
  booktitle={Proceedings of the 23rd ACM International Conference on Conference on Information and Knowledge Management},
  pages={1519--1528},
  year={2014}
}

@inproceedings{rahman2013approximate,
  title={Approximate triangle counting algorithms on multi-cores},
  author={Rahman, Mahmudur and Al Hasan, Mohammad},
  booktitle={2013 IEEE International Conference on Big Data},
  pages={127--133},
  year={2013},
  organization={IEEE}
}

@inproceedings{tsourakakis2009doulion,
  title={Doulion: counting triangles in massive graphs with a coin},
  author={Tsourakakis, Charalampos E and Kang, U and Miller, Gary L and Faloutsos, Christos},
  booktitle={Proceedings of the 15th ACM SIGKDD international conference on Knowledge discovery and data mining},
  pages={837--846},
  year={2009}
}

@article{jha2015space,
  title={A space-efficient streaming algorithm for estimating transitivity and triangle counts using the birthday paradox},
  author={Jha, Madhav and Seshadhri, C and Pinar, Ali},
  journal={ACM Transactions on Knowledge Discovery from Data (TKDD)},
  volume={9},
  number={3},
  pages={1--21},
  year={2015},
  publisher={ACM New York, NY, USA}
}

@inproceedings{seshadhri2013triadic,
  title={Triadic measures on graphs: The power of wedge sampling},
  author={Seshadhri, Comandur and Pinar, Ali and Kolda, Tamara G},
  booktitle={Proceedings of the 2013 SIAM international conference on data mining},
  pages={10--18},
  year={2013},
  organization={SIAM}
}

@inproceedings{suri2011counting,
  title={Counting triangles and the curse of the last reducer},
  author={Suri, Siddharth and Vassilvitskii, Sergei},
  booktitle={Proceedings of the 20th international conference on World wide web},
  pages={607--614},
  year={2011}
}

@inproceedings{buriol2006counting,
  title={Counting triangles in data streams},
  author={Buriol, Luciana S and Frahling, Gereon and Leonardi, Stefano and Marchetti-Spaccamela, Alberto and Sohler, Christian},
  booktitle={Proceedings of the twenty-fifth ACM SIGMOD-SIGACT-SIGART symposium on Principles of database systems},
  pages={253--262},
  year={2006}
}

@article{barabasi1999emergence,
  title={Emergence of scaling in random networks},
  author={Barab{\'a}si, Albert-L{\'a}szl{\'o} and Albert, R{\'e}ka},
  journal={science},
  volume={286},
  number={5439},
  pages={509--512},
  year={1999},
  publisher={American Association for the Advancement of Science}
}

@article{pagh2012colorful,
  title={Colorful triangle counting and a mapreduce implementation},
  author={Pagh, Rasmus and Tsourakakis, Charalampos E},
  journal={Information Processing Letters},
  volume={112},
  number={7},
  pages={277--281},
  year={2012},
  publisher={Elsevier}
}
%---------------------------------------------------------------------------%
